<?xml version='1.0' encoding='UTF-8'?>
<collection xmlns='http://www.loc.gov/MARC21/slim'>
  <record>
    <leader>00000cam a2200000 i 4500</leader>
    <controlfield tag='001'>marc-001</controlfield>
    <controlfield tag='005'>20250102030523.0</controlfield>
    <controlfield tag='008'>200718s1940    nyu           000 0 eng  </controlfield>
    <datafield ind1=' ' ind2=' ' tag='010'><subfield code='a'>  40012345 </subfield></datafield>
    <datafield ind1=' ' ind2=' ' tag='010'><subfield code='a'>ignored second 010</subfield></datafield>
    <datafield ind1=' ' ind2=' ' tag='020'><subfield code='a'>9780000000000</subfield></datafield>
    <datafield ind1=' ' ind2=' ' tag='020'><subfield code='a'>0000000001</subfield></datafield>
    <datafield ind1='1' ind2=' ' tag='100'><subfield code='a'>Alpha, Alice,</subfield></datafield>
    <datafield ind1='1' ind2=' ' tag='100'><subfield code='a'>Ignored second 100</subfield></datafield>
    <datafield ind1='0' ind2='0' tag='245'><subfield code='a'>A study of widgets /</subfield><subfield code='b'>and other small parts ;</subfield><subfield code='c'>by Alice Alpha.</subfield></datafield>
    <datafield ind1='0' ind2='0' tag='245'><subfield code='a'>Ignored second 245</subfield></datafield>
    <datafield ind1=' ' ind2=' ' tag='250'><subfield code='a'>First edition.</subfield></datafield>
    <datafield ind1=' ' ind2=' ' tag='250'><subfield code='a'>Ignored second 250</subfield></datafield>
    <datafield ind1=' ' ind2=' ' tag='260'><subfield code='a'>New York :</subfield><subfield code='b'>Acme Press,</subfield><subfield code='c'>1940.</subfield></datafield>
    <datafield ind1=' ' ind2=' ' tag='260'><subfield code='a'>Ignored</subfield><subfield code='b'>Ignored</subfield><subfield code='c'>Ignored</subfield></datafield>
    <datafield ind1=' ' ind2=' ' tag='300'><subfield code='a'>200 pages ;</subfield></datafield>
    <datafield ind1=' ' ind2=' ' tag='300'><subfield code='a'>ignored 300</subfield></datafield>
    <datafield ind1=' ' ind2=' ' tag='490'><subfield code='a'>Series One ;</subfield></datafield>
    <datafield ind1=' ' ind2=' ' tag='700'><subfield code='a'>Bravo, Bob,</subfield><subfield code='e'>editor</subfield></datafield>
    <datafield ind1=' ' ind2=' ' tag='700'><subfield code='a'>Charlie, Carol.</subfield></datafield>
    <datafield ind1=' ' ind2=' ' tag='999'><subfield code='a'>unknown tag, ignored</subfield></datafield>
  </record>