
  <record>
    <controlfield tag='001'>marc-002</controlfield>
    <controlfield tag='008'>200718s1955    fr            000 0 fre  </controlfield>
    <datafield ind1='1' ind2=' ' tag='100'><subfield code='a'>Dubois, David</subfield></datafield>
    <datafield ind1='0' ind2='0' tag='245'><subfield code='a'>Le petit livre</subfield></datafield>
    <datafield ind1=' ' ind2='1' tag='264'><subfield code='a'>Paris :</subfield><subfield code='b'>Editions Beta,</subfield><subfield code='c'>1955.</subfield></datafield>
    <datafield ind1=' ' ind2=' ' tag='440'><subfield code='a'>Petite serie</subfield></datafield>
  </record>