
  <record>
    <controlfield tag='001'>marc-003</controlfield>
    <controlfield tag='008'>short</controlfield>
    <datafield ind1='2' ind2=' ' tag='110'><subfield code='a'>Some Corporate Body.</subfield></datafield>
    <datafield ind1='0' ind2='0' tag='245'><subfield code='a'>Annual report</subfield></datafield>
    <datafield ind1=' ' ind2=' ' tag='830'><subfield code='a'>Reports series</subfield></datafield>
  </record>