
  <record>
    <controlfield tag='001'>marc-004-no-245</controlfield>
    <controlfield tag='008'>200718s1972    xxu           000 0 eng  </controlfield>
    <datafield ind1='1' ind2=' ' tag='100'><subfield code='a'>Echo, Erin</subfield></datafield>
  </record>