
  <record>
    <controlfield tag='008'>200718s1972    xxu           000 0 eng  </controlfield>
    <datafield ind1='0' ind2='0' tag='245'><subfield code='a'>Title without an 001</subfield></datafield>
  </record>