
  <record>
    <controlfield tag='001'>marc-006</controlfield>
    <controlfield tag='008'>200718s1968                  000 0 ger  </controlfield>
    <datafield ind1='1' ind2='1' tag='111'><subfield code='a'>Some Meeting Name</subfield></datafield>
    <datafield ind1='0' ind2='0' tag='245'><subfield code='a'>Proceedings :   </subfield></datafield>
    <datafield ind1=' ' ind2=' ' tag='260'><subfield code='c'>circa 1968.</subfield></datafield>
  </record>