
  <record>
    <controlfield tag='001'>marc-007-260c-no-year</controlfield>
    <controlfield tag='008'>200718s1959                  000 0 eng  </controlfield>
    <datafield ind1='0' ind2='0' tag='245'><subfield code='a'>Undated work</subfield></datafield>
    <datafield ind1=' ' ind2=' ' tag='260'><subfield code='c'>n.d.</subfield></datafield>
  </record>