
  <record>
    <controlfield tag='001'>marc-008-260c-out-of-range</controlfield>
    <controlfield tag='008'>200718s2099                  000 0 eng  </controlfield>
    <datafield ind1='0' ind2='0' tag='245'><subfield code='a'>Pretend year</subfield></datafield>
    <datafield ind1=' ' ind2=' ' tag='260'><subfield code='c'>3000 not a real year</subfield></datafield>
  </record>