
  <record>
    <controlfield tag='001'>marc-009-008-year-out-of-range</controlfield>
    <controlfield tag='008'>200718s9999                  000 0 eng  </controlfield>
    <datafield ind1='0' ind2='0' tag='245'><subfield code='a'>Bogus 008 year</subfield></datafield>
  </record>