
  <record>
    <controlfield tag='001'>marc-010-008-letters</controlfield>
    <controlfield tag='008'>200718sabcd                  000 0 eng  </controlfield>
    <datafield ind1='0' ind2='0' tag='245'><subfield code='a'>Letters in year position</subfield></datafield>
  </record>