
  <record>
    <controlfield tag='001'>   </controlfield>
    <controlfield tag='008'>200718s1965    xxu           000 0 eng  </controlfield>
    <datafield ind1='0' ind2='0' tag='245'><subfield code='a'>Pure whitespace 001</subfield></datafield>
  </record>